<mx:record xmlns="http://www.w3.org/TR/xhtml1/strict" xmlns:mx="http://www.loc.gov/MARC21/slim" xmlns:xsi="http://www.w3.org/2001/XMLSchema-instance"><mx:leader>00000nz   2200000n  4500</mx:leader><mx:controlfield tag="001">oca03828581 </mx:controlfield><mx:controlfield tag="005">19950503054936.8</mx:controlfield><mx:controlfield tag="008">950424n| acannaab|          |a ana     c</mx:controlfield><mx:datafield ind1=" " ind2=" " tag="010"><mx:subfield code="a">nr 95015150 </mx:subfield></mx:datafield><mx:datafield ind1=" " ind2=" " tag="040"><mx:subfield code="a">UPB</mx:subfield><mx:subfield code="c">UPB</mx:subfield></mx:datafield><mx:datafield ind1=" " ind2="0" tag="130"><mx:subfield code="a">Appendix Sallustiana</mx:subfield></mx:datafield><mx:datafield ind1="0" ind2=" " tag="400"><mx:subfield code="a">Sallust,</mx:subfield><mx:subfield code="d">86-34 B.C.</mx:subfield><mx:subfield code="t">Appendix Sallustiana</mx:subfield></mx:datafield><mx:datafield ind1=" " ind2=" " tag="670"><mx:subfield code="a">Appendix Sallustiana, 1970</mx:subfield><mx:subfield code="b">(works doubtfully attributed to Sallust)</mx:subfield></mx:datafield></mx:record>